@misc{R,
Address = {Vienna, Austria},
Author = {{R Core Team}},
Organization = {R Foundation for Statistical Computing},
Title = {R: A Language and Environment for Statistical Computing},
howpublished = {\url{http://www.R-project.org/}},
Year = {2013}
}
@Manual{bigrf,
title = {bigrf: Big Random Forests: Classification and Regression Forests for Large Data Sets},
author = {Aloysius Lim and Leo Breiman and Adele Cutler},
year = {2014},
howpublished = {\url{http://CRAN.R-project.org/package=bigrf}}
}
@misc{rms,
title = {rms: Regression Modeling Strategies},
author = {Frank E. {Harrell Jr.}},
year = {2015},
howpublished = {\url{http://CRAN.R-project.org/package=rms}}
}
@misc{caret,
title = {caret: Classification and Regression Training},
author = {Max Kuhn},
year = {2015},
howpublished = {\url{http://CRAN.R-project.org/package=caret}}
}
@misc{boot,
title = {boot: Bootstrap R (S-Plus) Functions},
author = {Angelo Canty and Brian Ripley},
year = {2014},
howpublished = {\url{http://CRAN.R-project.org/package=boot}}
}
@Manual{sk,
title = {The ScottKnott Clustering Algorithm},
author = {Enio G. Jelihovschi and Jos\'{e} Cl\'{a}udio Faria and Ivan Bezerra Allaman},
organization = {Universidade Estadual de Santa Cruz - UESC},
address = {Ilheus, Bahia, Brasil},
year = {2014},
}
@book{frank,
Author = {Frank E. {Harrell Jr.}},
Edition = {1st},
Publisher = {Springer},
Title = {{Regression Modeling Strategies}},
Year = {2002}
}
@article{beanplot,
author = {Peter Kampstra},
journal = {Journal of Statistical Software},
number = {1},
pages = {1--9},
title = {Beanplot: A Boxplot Alternative for Visual Comparison of Distributions},
volume = {28},
year = {2008},
}
@article{harrell1985regression,
  title={Regression models for prognostic prediction: advantages, problems, and suggested solutions.},
  author={Harrell Jr, Frank E and Lee, Kerry L and Matchar, David B and Reichert, Thomas A},
  journal={Cancer treatment reports},
  volume={69},
  number={10},
  pages={1071--1077},
  year={1985}
}
@article{steyerberg1999stepwise,
  title={Stepwise selection in small data sets: a simulation study of bias in logistic regression analysis},
  author={Steyerberg, Ewout W and Eijkemans, Marinus JC and Habbema, J Dik F},
  journal={Journal of clinical epidemiology},
  volume={52},
  number={10},
  pages={935--942},
  year={1999},
  publisher={Elsevier}
}
@article{Turhan2013IST,
  Author = {Burak Turhan and Ay{\c s}e Tosun Mısırlı and Ay{\c s}e Bener},
  Doi = {http://dx.doi.org/10.1016/j.infsof.2012.10.003},
  Issn = {0950-5849},
  Journal = {Information and Software Technology},
  Keywords = {Product metrics},
  Number = {6},
  Pages = {1101 - 1118},
  Title = {Empirical evaluation of the effects of mixed project data on learning defect predictors},
  Url = {http://www.sciencedirect.com/science/article/pii/S0950584912002108},
  Volume = {55},
  Year = {2013}
}
@article{menzies2012promise,
  title={The promise repository of empirical software engineering data},
  author={Menzies, Tim and Caglayan, Bora and Kocaguneli, Ekrem and Krall, Joe and Peters, Fayola and Turhan, Burak},
  journal={West Virginia University, Department of Computer Science},
  year={2012}
}
@inproceedings{Jureczko2010,
 author = {Jureczko, Marian and Madeyski, Lech},
 title = {Towards Identifying Software Project Clusters with Regard to Defect Prediction},
 booktitle = {Proceedings of the International Conference on Predictive Models in Software Engineering (PROMISE'10)},
 year = {2010},
 pages = {9:1--9:10},
} 
@article{Scott1974,
author = {Scott, A J and Knott, M},
file = {:Users/klainfo/Documents/Dropbox/Mendeley Desktop/1974/Biometrics/A Cluster Analysis Method for Grouping Means in the Analysis of Variance.pdf:pdf},
journal = {Biometrics},
number = {3},
pages = {507--512},
title = {{A Cluster Analysis Method for Grouping Means in the Analysis of Variance}},
volume = {30},
year = {1974}
}
@article{Azzeh201536,
title = {{An empirical evaluation of ensemble adjustment methods for analogy-based effort estimation}},
journal = {Journal of Systems and Software},
author = {Mohammad Azzeh and Ali Bou Nassif and Leandro L. Minku},
volume = {103},
number = {2015},
pages = {36--52},
year = {2015}
}
@inproceedings{ghotra2015icse,
  Author={Baljinder Ghotra and Shane McIntosh and Ahmed E. Hassan},
  Title = {Revisiting the Impact of Classification Techniques on the Performance of Defect Prediction Models},
  Booktitle = {Proceedings of The 37th International Conference on Software Engineering},
  Pages = {To appear},
  Year = {2015}
}
@book{Steyerberg2008,
  title={Clinical prediction models: a practical approach to development, validation, and updating},
  author={Steyerberg, Ewout W},
  year={2008},
  publisher={Springer Science \& Business Media}
}
@article{derksen1992backward,
  title = {Backward, forward and stepwise automated subset selection algorithms: Frequency of obtaining authentic and noise variables},
  author = {Derksen, Shelley and Keselman, HJ},
  journal = {British Journal of Mathematical and Statistical Psychology},
  volume = {45},
  number = {2},
  pages = {265--282},
  year = {1992}
}
@article{moons2012risk,
  title={Risk prediction models: I. Development, internal validation, and assessing the incremental value of a new (bio) marker},
  author={Moons, Karel GM and Kengne, Andre Pascal and Woodward, Mark and Royston, Patrick and Vergouwe, Yvonne and Altman, Douglas G and Grobbee, Diederick E},
  journal={Heart},
  volume={98},
  number={9},
  pages={683--690},
  year={2012},
  publisher={BMJ Publishing Group Ltd and British Cardiovascular Society}
}
@book{priddy2005artificial,
  title={Artificial Neural Networks: An Introduction},
  author={Priddy, Kevin L and Keller, Paul E},
  volume={68},
  year={2005},
  publisher={SPIE Press}
}
@inproceedings{Davis2006,
 author = {Davis, Jesse and Goadrich, Mark},
 title = {The Relationship Between Precision-Recall and ROC Curves},
 booktitle = {Proceedings of the International Conference on Machine Learning (ICML'06)},
 year = {2006},
 pages = {233--240},
 numpages = {8},
} 
@book{hastie2009elements,
  title={The elements of statistical learning},
  author={Hastie, Trevor and Tibshirani, Robert and Friedman, Jerome and Hastie, T and Friedman, J and Tibshirani, R},
  year={2009},
  publisher={Springer}
}